@article{ZADEH1965338,
    title = {Fuzzy sets},
    journal = {Information and Control},
    volume = {8},
    number = {3},
    pages = {338-353},
    year = {1965},
    doi = {https://doi.org/10.1016/S0019-9958(65)90241-X},
    author = {L.A. Zadeh}
}

@article{DJLB2017,
author = {Demšar, Jure and Lebar Bajec, Iztok},
year = {2017},
month = {01},
pages = {e0168876},
title = {Evolution of Collective Behaviour in an Artificial World Using Linguistic Fuzzy Rule-Based Systems},
volume = {12},
journal = {PLoS ONE},
doi = {10.1371/journal.pone.0168876}
}

@article{HWWDGHJZN1969,
author = {Huang, WuLing and Wen, Ding and Geng, Jason and Zheng, Nan-Ning},
year = {2014},
month = {10},
pages = {1969-1979},
title = {Task-specific performance evaluation of UGVs: Case studies at the IVFC},
volume = {15},
journal = {Intelligent Transportation Systems, IEEE Transactions on},
doi = {10.1109/TITS.2014.2308540}
}

@Article{Dong2013,
author={Dong, Hairong
and Zhao, Yan
and Gao, Shigen},
title={A fuzzy-rule-based Couzin model},
journal={Journal of Control Theory and Applications},
year={2013},
month={May},
day={01},
volume={11},
number={2},
pages={311-315},
doi={10.1007/s11768-013-1193-0},
}

@Article{en10060794,
AUTHOR = {Lin, Xuan and Wang, Qingyuan and Wang, Pengling and Sun, Pengfei and Feng, Xiaoyun},
TITLE = {The Energy-Efficient Operation Problem of a Freight Train Considering Long-Distance Steep Downhill Sections},
JOURNAL = {Energies},
VOLUME = {10},
YEAR = {2017},
NUMBER = {6},
ARTICLE-NUMBER = {794},
ISSN = {1996-1073},
DOI = {10.3390/en10060794}
}

@inbook{brcdp2018,
author = {Bailo, Rafael and Carrillo, J. and Degond, Pierre},
year = {2018},
month = {01},
pages = {259-292},
title = {Pedestrian Models Based on Rational Behaviour: Theory, Models, and Safety Problems},
isbn = {978-3-030-05128-0},
journal = {Modeling and Simulation in Science, Engineering and Technology},
doi = {10.1007/978-3-030-05129-7_9}
}

@article{mht2011,
   title={How simple rules determine pedestrian behavior and crowd disasters},
   volume={108},
   ISSN={1091-6490},
   DOI={10.1073/pnas.1016507108},
   number={17},
   journal={Proceedings of the National Academy of Sciences},
   publisher={Proceedings of the National Academy of Sciences},
   author={Moussaid, M. and Helbing, D. and Theraulaz, G.},
   year={2011},
   month={Apr},
   pages={6884–6888}
}

@article{bottlenecks2005,
   title={Pedestrian behavior at bottlenecks},
   volume={39},
   ISSN={0041-1655},
   DOI={10.1287/trsc.1040.0102},
   number={2},
   journal={Transportation Science},
   author={Serge P. Hoogendoorn and W. Daamen},
   year={2005},
   month={May},
   pages={147–159}
}

@article{classroom2008,
    title = {Experiment and multi-grid modeling of evacuation from a classroom},
    journal = {Physica A: Statistical Mechanics and its Applications},
    volume = {387},
    number = {23},
    pages = {5901-5909},
    year = {2008},
    month={Oct},
    issn = {0378-4371},
    doi = {https://doi.org/10.1016/j.physa.2008.06.030},
    url = {https://www.sciencedirect.com/science/article/pii/S037843710800575X},
    author = {Jun Zhang and Weiguo Song and Xuan Xu}
}

@article{building2012,
    title = {Experimental study on an ultra high-rise building evacuation in China},
    journal = {Safety Science},
    volume = {50},
    number = {8},
    pages = {1665-1674},
    year = {2012},
    month={Oct},
    note = {Evacuation and Pedestrian Dynamics},
    issn = {0925-7535},
    doi = {https://doi.org/10.1016/j.ssci.2011.12.018},
    url = {https://www.sciencedirect.com/science/article/pii/S0925753511003377},
    author = {J. Ma and W.G. Song and W. Tian and S.M. Lo and G.X. Liao}
}
Helbing, D., Farkas, I. & Vicsek, T. Simulating dynamical features of escape panic. Nature 407, 487–490 (2000). https://doi.org/10.1038/35035023

@article{Helbing2000,
    title = {Simulating dynamical features of escape panic},
    journal = {Nature},
    volume = {407},
    number = {6903},
    pages = {487-490},
    year = {2000},
    month={Sep},
    doi = {https://doi.org/10.1038/35035023},
    url = {https://arxiv.org/pdf/cond-mat/0009448.pdf},
    author = {D. Helbing and I. Farkas and T. Vicsek}
}

@article{Varas2007,
    title = {Cellular automaton model for evacuation process with obstacles},
    journal = {Physica A: Statistical Mechanics and its Applications},
    volume = {382},
    number = {2},
    pages = {631-642},
    year = {2007},
    month={Aug},
    issn = {0378-4371},
    doi = {https://doi.org/10.1016/j.physa.2007.04.006},
    url = {https://www.sciencedirect.com/science/article/pii/S0378437107003676},
    author = {A. Varas and M.D. Cornejo and D. Mainemer and B. Toledo and J. Rogan and V. Muñoz and J.A. Valdivia}
}

@article{Liu2009,
    title = {Evacuation from a classroom considering the occupant density around exits},
    journal = {Physica A: Statistical Mechanics and its Applications},
    volume = {388},
    number = {9},
    pages = {1921-1928},
    year = {2009},
    month={May},
    issn = {0378-4371},
    doi = {https://doi.org/10.1016/j.physa.2009.01.008},
    url = {https://www.sciencedirect.com/science/article/pii/S0378437109000351},
    author = {Shaobo Liu and Lizhong Yang and Tingyong Fang and Jian Li}
}

@misc{shootingWiki,
    title = {{Wikipedia}, {Virginia Tech Shooting}}, 
    howpublished = {\url{https://en.wikipedia.org/wiki/Virginia_Tech_shooting}},
    note = {Accessed: 2021-11-05},
    year = {2017}
}

@misc{CunmingWiki,
    title = {{Wikipedia}, {Kunming Attack}}, 
    howpublished = {\url{https://en.wikipedia.org/wiki/2014_Kunming_attack}},
    note = {Accessed: 2021-11-05},
    year = {2014}
}

@article{Zhou2016,
  author={Zhou, Min and Dong, Hairong and Wen, Ding and Yao, Xiuming and Sun, Xubin},
  journal={IEEE Transactions on Intelligent Transportation Systems}, 
  title={Modeling of Crowd Evacuation With Assailants via a Fuzzy Logic Approach}, 
  year={2016},
  volume={17},
  number={9},
  pages={2395-2407},
  doi={10.1109/TITS.2016.2521783}
}